<record xmlns="http://www.loc.gov/MARC21/slim" xmlns:xsi="http://www.w3.org/2001/XMLSchema-instance" xsi:schemaLocation="http://www.loc.gov/MARC21/slim http://www.loc.gov/standards/marcxml/schema/MARC21slim.xsd"><leader>02338nam a2200457   4500</leader><controlfield tag="001">001685784</controlfield><controlfield tag="003">NNU</controlfield><controlfield tag="006">m        d        </controlfield><controlfield tag="007">cr cn |||m|||a</controlfield><controlfield tag="008">150222s1950    ua h    o     000 0 ara d</controlfield><datafield ind1=" " ind2=" " tag="040"><subfield code="a">NNU</subfield><subfield code="b">eng</subfield><subfield code="e">rda</subfield><subfield code="c">NNU</subfield></datafield><datafield ind1=" " ind2="4" tag="050"><subfield code="a">PJ7698</subfield><subfield code="b">.S9 1950</subfield></datafield><datafield ind1=" " ind2=" " tag="084"><subfield code="a">EN 3050</subfield><subfield code="2">rvk</subfield></datafield><datafield ind1="1" ind2=" " tag="100"><subfield code="6">880-01</subfield><subfield code="a">&#699;Abd Bani&#772; al-H&#803;ash&#803;a&#772;s, Suh&#803;aym,</subfield><subfield code="d">-approximately 660.</subfield></datafield><datafield ind1="1" ind2="0" tag="240"><subfield code="6">880-02</subfield><subfield code="a">Poems.</subfield><subfield code="f">1950</subfield></datafield><datafield ind1="1" ind2="0" tag="245"><subfield code="6">880-03</subfield><subfield code="a">Di&#772;wa&#772;n Suh&#803;aym &#699;Abd Bani&#772; al-H&#803;ash&#803;a&#772;s /</subfield><subfield code="c">bi-tah&#803;qi&#772;q &#699;Abd al-&#699;Azi&#772;z al-Maymani&#772;.</subfield></datafield><datafield ind1=" " ind2=" " tag="260"><subfield code="6">880-04</subfield><subfield code="a">al-Qa&#772;hirah :</subfield><subfield code="b">Da&#772;r al-Kutub al-Mis&#803;ri&#772;yah,</subfield><subfield code="c">1950.</subfield></datafield><datafield ind1=" " ind2=" " tag="300"><subfield code="a">online resource (70 pages) :</subfield><subfield code="b">facsimiles</subfield></datafield><datafield ind1=" " ind2=" " tag="336"><subfield code="a">text</subfield><subfield code="2">rdacontent</subfield></datafield><datafield ind1=" " ind2=" " tag="337"><subfield code="a">computer</subfield><subfield code="2">rdamedia</subfield></datafield><datafield ind1=" " ind2=" " tag="338"><subfield code="a">online resource</subfield><subfield code="2">rdacarrier</subfield></datafield><datafield ind1=" " ind2=" " tag="500"><subfield code="a">At head of title: Da&#772;r al-Kutub al-Mis&#803;ri&#772;yah, al-Qism al-Adabi&#772;.</subfield></datafield><datafield ind1=" " ind2=" " tag="500"><subfield code="a">Partially vocalized.</subfield></datafield><datafield ind1=" " ind2=" " tag="500"><subfield code="a">Part of the Arabic Collections Online (ACO) project, contributed by New York Univeristy Libraries.</subfield></datafield><datafield ind1=" " ind2=" " tag="533"><subfield code="a">Electronic reproduction.</subfield><subfield code="b">New York, N.Y. :</subfield><subfield code="c">New York University,</subfield><subfield code="d">2015.</subfield><subfield code="5">NNU</subfield></datafield><datafield ind1=" " ind2="0" tag="650"><subfield code="a">Arabic poetry</subfield><subfield code="y">622-750.</subfield></datafield><datafield ind1=" " ind2="7" tag="650"><subfield code="a">Arabic poetry.</subfield><subfield code="2">fast</subfield><subfield code="0">(OCoLC)fst00812533</subfield></datafield><datafield ind1=" " ind2="7" tag="648"><subfield code="a">622 - 750</subfield><subfield code="2">fast</subfield></datafield><datafield ind1="1" ind2=" " tag="700"><subfield code="6">880-05</subfield><subfield code="a">R&#257;jk&#363;t&#299;, &#699;Abd al-&#699;Az&#299;z al-Mayman&#299;</subfield></datafield><datafield ind1="2" ind2=" " tag="710"><subfield code="a">New York University.</subfield><subfield code="b">Libraries.</subfield></datafield><datafield ind1="0" ind2=" " tag="730"><subfield code="a">Arabic Collections Online.</subfield></datafield><datafield ind1="0" ind2="8" tag="776"><subfield code="i">Online version:</subfield><subfield code="a">&#699;Abd Bani&#772; al-H&#803;ash&#803;a&#772;s, Suh&#803;aym, -approximately 660.</subfield><subfield code="s">Poems. 1950.</subfield><subfield code="t">Di&#772;wa&#772;n Suh&#803;aym &#699;Abd Bani&#772; al-H&#803;ash&#803;a&#772;s.</subfield><subfield code="d">al-Qa&#772;hirah : Da&#772;r al-Kutub al-Mis&#803;ri&#772;yah, 1950</subfield><subfield code="w">(OCoLC)623950166</subfield></datafield><datafield ind1="0" ind2="8" tag="776"><subfield code="i">Print version:</subfield><subfield code="a">&#699;Abd Bani&#772; al-H&#803;ash&#803;a&#772;s, Suh&#803;aym, -approximately 660.</subfield><subfield code="t">Di&#772;wa&#772;n Suh&#803;aym &#699;Abd Bani&#772; al-H&#803;ash&#803;a&#772;s</subfield><subfield code="w">(NNU)001685784</subfield></datafield><datafield ind1="4" ind2="0" tag="856"><subfield code="u">http://hdl.handle.net/2333.1/r2280j6z</subfield></datafield><datafield ind1="1" ind2=" " tag="880"><subfield code="6">100-01/</subfield><subfield code="a">&#1593;&#1576;&#1583; &#1576;&#1606;&#1610; &#1575;&#1604;&#1581;&#1587;&#1581;&#1575;&#1587;&#1548; &#1587;&#1581;&#1610;&#1605;&#1548;</subfield><subfield code="d">-approximately 660.</subfield></datafield><datafield ind1="1" ind2="0" tag="880"><subfield code="6">240-02/</subfield><subfield code="a">&#1588;&#1593;&#1585;.</subfield><subfield code="f">1950</subfield></datafield><datafield ind1="1" ind2="0" tag="880"><subfield code="6">245-03/</subfield><subfield code="a">&#1583;&#1610;&#1608;&#1575;&#1606; &#1587;&#1581;&#1610;&#1605; &#1593;&#1576;&#1583; &#1576;&#1606;&#1610; &#1575;&#1604;&#1581;&#1587;&#1581;&#1575;&#1587; /</subfield><subfield code="c">&#1576;&#1578;&#1581;&#1602;&#1610;&#1602; &#1593;&#1576;&#1583; &#1575;&#1604;&#1593;&#1586;&#1610;&#1586; &#1575;&#1604;&#1605;&#1610;&#1605;&#1606;&#1610;.</subfield></datafield><datafield ind1=" " ind2=" " tag="880"><subfield code="6">260-04/</subfield><subfield code="a">&#1575;&#1604;&#1602;&#1575;&#1607;&#1585;&#1577; :</subfield><subfield code="b">&#1583;&#1575;&#1585; &#1575;&#1604;&#1603;&#1578;&#1576; &#1575;&#1604;&#1605;&#1589;&#1585;&#1610;&#1577;&#1548;</subfield><subfield code="c">1950.</subfield></datafield><datafield ind1="1" ind2=" " tag="880"><subfield code="6">700-05/</subfield><subfield code="a">&#1585;&#1575;&#1580;&#1603;&#1608;&#1578;&#1610;&#1548; &#1593;&#1576;&#1583; &#1575;&#1604;&#1593;&#1586;&#1610;&#1586; &#1575;&#1604;&#1605;&#1610;&#1605;&#1606;&#1610;.</subfield></datafield><datafield ind1=" " ind2=" " tag="959"><subfield code="a">NNU</subfield><subfield code="b">WEB</subfield><subfield code="c">GENI</subfield><subfield code="t">0</subfield><subfield code="m">Electronic access</subfield><subfield code="s">01</subfield></datafield><datafield ind1=" " ind2=" " tag="999"><subfield code="i">NNU_001685784</subfield><subfield code="s">nyu_aco000328</subfield></datafield></record>